Swarm Intelligence References
@article{kennedy95,
 author        = "J. Kennedy and R. Eberhart",
  title         = "Particle Swarm Optimisation",
  journal       = "IEEE International Joint Conference on Neural Networks",
  year          = "1995",
  pages         = "1942-1948"
}
@article{clerc11,
 author        = "M. Clerc",
  title         = "Standard Particle Swarm Optimisation from 2006 to 2011",
  year          = "2011",
}

@article {NET:NET3230150112,
author = {D. P. Bertsekas},
title = {Constrained optimization and Lagrange multiplier methods},
journal = {Networks},
volume = {15},
number = {1},
publisher = {Wiley Subscription Services, Inc., A Wiley Company},
issn = {1097-0037},
doi = {10.1002/net.3230150112},
pages = {138--140},
year = {1985}
}
@article{wang2012, title={High-Dimensional Waveform Inversion With Cooperative Coevolutionary Differential Evolution Algorithm}, volume={9}, DOI={10.1109/lgrs.2011.2166532}, number={2}, journal={IEEE Geoscience and Remote Sensing Letters}, author={Wang, Chao and Gao, Jinghuai}, year={2012}, pages={297–301}
} 


@article{ye2014, title={A hybrid adaptive coevolutionary differential evolution algorithm for large-scale optimization}, DOI={10.1109/cec.2014.6900259}, journal={2014 IEEE Congress on Evolutionary Computation (CEC)}, author={Ye, Sishi and Dai, Guangming and Peng, Lei and Wang, Maocai}, year={2014}
} 
@article{sharma16,
 author        = "Shrawan Kumar Sharma and Shiv Kumar",
  title         = "Comparative Analysis of Manhattan and Euclidean Distance Metrics using A* Algoritm",
  year          = "2016",
  journal     ="JREAS",
  volume    ="1",
  issue     ="04",
  month     ="Oct",

}

@article{Weyland201597,
title = "A critical analysis of the harmony search algorithm—How not to solve sudoku ",
journal = "Operations Research Perspectives ",
volume = "2",
number = "",
pages = "97 - 105",
year = "2015",
note = "",
issn = "2214-7160",
doi = "https://doi.org/10.1016/j.orp.2015.04.001",
url = "http://www.sciencedirect.com/science/article/pii/S221471601500010X",
author = "Dennis Weyland",
keywords = "Heuristics",
keywords = "Metaheuristics",
keywords = "Harmony search",
keywords = "Evolution strategies "
}


@article{liu_ma2007, title={A memetic co-evolutionary differential evolution algorithm for constrained optimization}, DOI={10.1109/cec.2007.4424853}, journal={2007 IEEE Congress on Evolutionary Computation}, author={Liu, Bo and Ma, Harman and Zhang, Xuejun and Zhou, Yan}, year={2007}
} 
@article{glorieux_2015, title={Improved Constructive Cooperative Coevolutionary Differential Evolution for Large-Scale Optimisation}, DOI={10.1109/ssci.2015.239}, journal={2015 IEEE Symposium Series on Computational Intelligence}, author={Glorieux, Emile and Svensson, Bo and Danielsson, Fredrik and Lennartson, Bengt}, year={2015}
} 
@article{Storn1997,
author="Storn, Rainer
and Price, Kenneth",
title="Differential Evolution -- A Simple and Efficient Heuristic for global Optimization over Continuous Spaces",
journal="Journal of Global Optimization",
year="1997",
volume="11",
number="4",
pages="341--359",
abstract="A new heuristic approach for minimizing possiblynonlinear and non-differentiable continuous spacefunctions is presented. By means of an extensivetestbed it is demonstrated that the new methodconverges faster and with more certainty than manyother acclaimed global optimization methods. The newmethod requires few control variables, is robust, easyto use, and lends itself very well to parallelcomputation.",
issn="1573-2916",
doi="10.1023/A:1008202821328",
url="http://dx.doi.org/10.1023/A:1008202821328"
}
@article{el-abd_2015, title={Hybrid cooperative co-evolution for the CEC15 benchmarks}, DOI={10.1109/cec.2015.7257006}, journal={2015 IEEE Congress on Evolutionary Computation (CEC)}, author={El-Abd, Mohammed}, year={2015}
} 
@article{rojas_landa_2011, title={Towards the use of statistical information and differential evolution for large scale global optimization}, DOI={10.1109/iceee.2011.6106645}, journal={2011 8th International Conference on Electrical Engineering, Computing Science and Automatic Control}, author={Rojas, Yazmin and Landa, Ricardo}, year={2011}
} 
@article{stornDE, title={On the usage of differential evolution for function optimization}, DOI={10.1109/nafips.1996.534789},year={1996}, journal={Proceedings of North American Fuzzy Information Processing}, author={Storn, R.}
} 
@article{storn_price1996, title={Minimizing the real functions of the ICEC'96 contest by differential evolution}, year={1996},DOI={10.1109/icec.1996.542711}, journal={Proceedings of IEEE International Conference on Evolutionary Computation}, author={Storn, R. and Price, K.}
} 


@article{mahdavi2014, title={Cooperative Co-evolution with a new decomposition method for large-scale optimization}, DOI={10.1109/cec.2014.6900327}, journal={2014 IEEE Congress on Evolutionary Computation (CEC)}, author={Mahdavi, Sedigheh and Shiri, Mohammad Ebrahim and Rahnamayan, Shahryar}, year={2014}
} 

@article{ghosh_chowdhury_giri_das_das_2010, title={A fitness-based adaptation scheme for control parameters in differential evolution}, DOI={10.1145/1830761.1830869}, journal={Proceedings of the 12th annual conference comp on Genetic and evolutionary computation - GECCO '10}, author={Ghosh, Arnob and Chowdhury, Aritra and Giri, Ritwik and Das, Swagatam and Das, Sanjoy}, year={2010}
} 
@Inbook{Olguin-Carbajal2014,
author="Olguin-Carbajal, Mauricio
and Herrera-Lozada, J. Carlos
and Arellano-Verdejo, Javier
and Barron-Fernandez, Ricardo
and Taud, Hind",
editor="Lirkov, Ivan
and Margenov, Svetozar
and Wa{\'{s}}niewski, Jerzy",
title="Micro Differential Evolution Performance Empirical Study for High Dimensional Optimization Problems",
bookTitle="Large-Scale Scientific Computing: 9th International Conference, LSSC 2013, Sozopol, Bulgaria, June 3-7, 2013. Revised Selected Papers",
year="2014",
publisher="Springer Berlin Heidelberg",
address="Berlin, Heidelberg",
pages="281--288",
isbn="978-3-662-43880-0",
doi="10.1007/978-3-662-43880-0_31",
}
@article{wan_2013, title={Differential Evolution with Clustering Cooperative Coevolution for High-Dimensional Problems}, DOI={10.1109/iscc-c.2013.64}, journal={2013 International Conference on Information Science and Cloud Computing Companion}, author={Wan, Shuzhen}, year={2013}
} 

@article{trunfio_2015, title={An Effective Approach for Adapting the Size of Subcomponents in Large-Scale Optimization with Cooperative Coevolution}, DOI={10.1145/2739482.2764711}, journal={Proceedings of the Companion Publication of the 2015 on Genetic and Evolutionary Computation Conference - GECCO Companion '15}, author={Trunfio, Giuseppe A.}, year={2015}
} 
@article{gao_yen_liu_2015, title={A Dual-Population Differential Evolution With Coevolution for Constrained Optimization}, volume={45}, DOI={10.1109/tcyb.2014.2345478}, number={5}, journal={IEEE Transactions on Cybernetics}, author={Gao, Wei-Feng and Yen, Gary G. and Liu, San-Yang}, year={2015}, pages={1108–1121}
} 
@article{ma_ding_2016, title={A preferred learning based adaptive differential evolution algorithm for large scale optimization}, DOI={10.1109/ssci.2016.7850254}, journal={2016 IEEE Symposium Series on Computational Intelligence (SSCI)}, author={Ma, Xinran and Ding, Jinliang}, year={2016}
} 
@article{monson05,
 author        = "C.K. Monson and K.D Seppi",
  title         = "Exposing Origin-Seeking Bias in PSO",
  journal     ="GECCO'05",
  year          = "2005",
  pages="241-248"
}
@article{ran2016,
 author = {Cheng, Ran and Jin, Yaochu},
 title = {A Social Learning Particle Swarm Optimization Algorithm for Scalable Optimization},
 journal = {Inf. Sci.},
 issue_date = {January 2015},
 volume = {291},
 number = {C},
 month = {jan},
 year = {2015},
 issn = {0020-0255},
 pages = {43--60},
 numpages = {18},
 doi = {10.1016/j.ins.2014.08.039},
 acmid = {2844404},
 publisher = {Elsevier Science Inc.},
 address = {New York, NY, USA},
 keywords = {Computational efficiency, Large-scale optimization, Particle swarm optimization, Scalability, Social learning}
}
@article{yang_tang_yao_2008, title={Self-adaptive differential evolution with neighborhood search}, DOI={10.1109/cec.2008.4630935}, journal={2008 IEEE Congress on Evolutionary Computation (IEEE World Congress on Computational Intelligence)}, author={Yang, Zhenyu and Tang, Ke and Yao, Xin}, year={2008}
}  
@article{potter2000,
Abstract = {To successfully apply evolutionary algorithms to the solution of increasingly complex problems, we must develop effective techniques for evolving solutions in the form of interacting coadapted subcomponents. One of the major difficulties is finding computational extensions to our current evolutionary paradigms that will enable such subcomponents to "emerge" rather than being hand designed. In this paper, we describe an architecture for evolving such subcomponents as a collection of cooperating species. Given a simple string-matching task, we show that evolutionary pressure to increase the overall fitness of the ecosystem can provide the needed stimulus for the emergence of an appropriate number of interdependent subcomponents that cover multiple niches, evolve to an appropriate level of generality, and adapt as the number and roles of their fellow subcomponents change over time. We then explore these issues within the context of a more complicated domain through a case study involving},
Author = {Potter, Mitchell A. and De Jong, Kenneth A.},
ISSN = {10636560},
Journal = {Evolutionary Computation},
Keywords = {EVOLUTIONARY computation, NEURAL networks (Computer science), Coevolution, EMERGENT DECOMPOSITION, EVOLUTION STRATEGIES, GENETIC ALGORITHMS, NEURAL NETWORKS},
Number = {1},
Pages = {1 - 29},
Title = {Cooperative Coevolution: An Architecture for Evolving Coadapted Subcomponents.},
Volume = {8},
Year = {2000}
}

@article{chang_xu_2000, title={Differential evolution based tuning of fuzzy automatic train operation for mass rapid transit system}, volume={147}, DOI={10.1049/ip-epa:20000329}, number={3}, journal={IEE Proceedings - Electric Power Applications}, author={Chang, C.s. and Xu, D.y.}, year={2000}, pages={206}
} 
@article{yang_tang_yao_2007, title={Differential evolution for high-dimensional function optimization}, DOI={10.1109/cec.2007.4424929}, journal={2007 IEEE Congress on Evolutionary Computation}, author={Yang, Zhenyu and Tang, Ke and Yao, Xin}, year={2007}
}

@INPROCEEDINGS{gaertner05,
    author = {Dorian Gaertner and Keith Clark},
    title = {On Optimal Parameters for Ant Colony Optimization Algorithms},
    booktitle = {Proceedings of the International Conference on Artificial Intelligence 2005},
    year = {2005},
    pages = {83--89},
    publisher = {CSREA Press}
}

@techreport{liang14,
 author        = "J.J. Liang and B.Y Qu and P.N. Suganthan",
  title         = "Problem Definitions and Evaluation Criteria for the CEC 2014 Special Session and Competition on Single Objectiev Real-Parameter Numerical Optimisation",
  institution   = "Computational Intelligence Laboratory, Zhengzhou China",
  year          = "2014"
}
@book{russell02,
  author        = "S.J. Russell and P. Norvig",
  title         = "Artificial Intelligence: A Modern Approach",
  publisher     = "Prentice Hall",
  ISBN      = "0-13-790395-2",
  year          = "2002"
}

@techreport{zaman93,
 author        = "G. Marsaglia and A. Zaman",
  title         = "The KISS Generator",
  institution   = "Department of Statistics, University of Florida",
  year          = "1993"
}

@book{clercB06,
  title         = "Particle Swarm Optimisation",
  publisher     = "ISTE {International Scientific and Technical Encyclopedia}",
  year          = "2006"
}
@electronic{mannU,
  title         = "Social Science Statistics",
  url           = "http://www.socscistatistics.com/tests/mannwhitney/",
  year          = "2017",
}

@electronic{jamaLib,
  title         = "JAMA: Java Matrix Package",
  url           = "http://math.nist.gov/javanumerics/jama/",
  year          = "2012",
}
@mastersthesis{scholvin89,
  author        = "J.K Scholvin",
  title         = "Approximating the Longest Path Problem with Heuristics: A Survey",
  school        = "University of Illinois",
  type          = "MSc of Computer Science and Electrical Engineering",
  address       = "Chicago, Illinois",
  year          = "1999"
}
@electronic{jhave06,
  author        = "Andrew Jungwirth",
  title         = "Beam Search Algorithm",
  howpublished  = "online resource as part of a learning Institution",  
  month     = "may",
  url       = "http://jhave.org/algorithms/graphs/beamsearch/beamsearch.shtml",
  year          = "2006"
}
@Inbook{Pham2012,
author="Pham, Quang Dung
and Deville, Yves",
editor="Beldiceanu, Nicolas
and Jussien, Narendra
and Pinson, Eric",
title="Solving the Longest Simple Path Problem with Constraint-Based Techniques",
bookTitle="Integration of AI and OR Techniques in Contraint Programming for Combinatorial Optimzation Problems: 9th International Conference, CPAIOR 2012, Nantes, France, May 28 to June1, 2012. Proceedings",
year="2012",
publisher="Springer Berlin Heidelberg",
address="Berlin, Heidelberg",
pages="292--306"
}

@article{beckers_deneubourg_goss_1993, title={Modulation of trail laying in the antLasius niger (Hymenoptera: Formicidae) and its role in the collective selection of a food source}, volume={6}, DOI={10.1007/bf01201674}, number={6}, journal={Journal of Insect Behavior}, author={Beckers, R. and Deneubourg, J. L. and Goss, S.}, year={1993}, pages={751–759}
} 
@techreport{bean1992a-dual-genetic,
  added-at = {2009-04-07T10:59:16.000+0200},
  author = {Bean, J.C. and Hadj-Alouane, A.B.},
  date-added = {2008-05-15 12:24:56 +0200},
  date-modified = {2008-05-16 11:35:59 +0200},
  description = {Selmar},
  institution = {The University of Michigan},
  interhash = {e798b8e49df01ac5e8af9ec293a6bdca},
  intrahash = {904c361a968f4039c2605d87fbb311c3},
  keywords = {constraint control, meta-ga parameter satisfaction,},
  number = {92-53},
  timestamp = {2009-04-07T10:59:18.000+0200},
  title = {A dual genetic algorithm for bounded integer programs},
  year = {1992}
}

@MISC{Michel_anaco,
    author = {Rene Michel and Martin Middendorf},
    title = {An ACO Algorithm for the Shortest Common Supersequence Problem},
    year = {1999}
}
@inproceedings{Gagn2001ALA,
  title={A look-ahead addition to the ant colony optimization metaheuristic and its application to an industrial scheduling problem},
  author={Caroline Gagn{\'e} and Marc Gravel and Wilson L. Price},
  year={2001}
}

@phdthesis{dorigo92,
  author = "Marco Dorigo",
  title = "Optimization, Learning and Natural Algorithms",
  school = "Dipartimento di Elettronica, Politecnico di Milano",
  year = "1992",
  address = "Milan, Italy"
}
@article{Dorigo2000851,
title = "Ant algorithms and stigmergy ",
journal = "Future Generation Computer Systems ",
volume = "16",
number = "8",
pages = "851 - 871",
year = "2000",
note = "",
issn = "0167-739X",
doi = "https://doi.org/10.1016/S0167-739X(00)00042-X",
url = "http://www.sciencedirect.com/science/article/pii/S0167739X0000042X",
author = "Marco Dorigo and Eric Bonabeau and Guy Theraulaz",
keywords = "Ant algorithms",
keywords = "Ant colony optimization",
keywords = "Swarm intelligence",
keywords = "Social insects",
keywords = "Self-organization",
keywords = "Metaheuristics ",
abstract = "Ant colonies, and more generally social insect societies, are distributed systems that, in spite of the simplicity of their individuals, present a highly structured social organization. As a result of this organization, ant colonies can accomplish complex tasks that in some cases far exceed the individual capacities of a single ant. The study of ant colonies behavior and of their self-organizing capacities is interesting for computer scientists because it provides models of distributed organization which are useful to solve difficult optimization and distributed control problems. In this paper we overview some models derived from the observation of real ants, emphasizing the role played by stigmergy as distributed communication paradigm, and we show how these models have inspired a number of novel algorithms for the solution of distributed optimization and distributed control problems. "
}


@techreport{reddy77,
 author        = "Raj Reddy",
  title         = "Speech Understanding Systems: summary of results of the five-year research effort at Carnegie-Mellon University",
  institution   = "Department of Computer Science, University of Carnegie-Mellon",
  year          = "1977"
}

@article{eberhart_shi, title={Comparing inertia weights and constriction factors in particle swarm optimization}, 
DOI={10.1109/cec.2000.870279}, 
journal={Proceedings of the 2000 Congress on Evolutionary Computation. CEC00 (Cat. No.00TH8512)}, 
author={Eberhart, R.c. and Shi, Y.}
} 
@TECHREPORT{Riget02adiversity-guided,
    author = {J. Riget and J.S. Vesterstrøm},
    title = {A Diversity-Guided Particle Swarm Optimizer - the ARPSO},
    institution = {},
    year = {2002}
}

@Inbook{Ismail2012,
author="Ismail, Adiel
and Engelbrecht, Andries P.",
editor="Dorigo, Marco
and Birattari, Mauro
and Blum, Christian
and Christensen, Anders Lyhne
and Engelbrecht, Andries P.
and Gro{\ss}, Roderich
and St{\"u}tzle, Thomas",
title="Measuring Diversity in the Cooperative Particle Swarm Optimizer",
bookTitle="Swarm Intelligence: 8th International Conference, ANTS 2012, Brussels, Belgium, September 12-14, 2012. Proceedings",
year="2012",
publisher="Springer Berlin Heidelberg",
address="Berlin, Heidelberg",
pages="97--108",
isbn="978-3-642-32650-9",
doi="10.1007/978-3-642-32650-9_9",
url="http://dx.doi.org/10.1007/978-3-642-32650-9_9"
}

@article{al-kazemi_mohan_2000, title={Discrete Multi-Phase Particle Swarm Optimization}, DOI={10.1007/1-84628-117-2_20}, journal={Advanced Information and Knowledge Processing Information Processing with Evolutionary Algorithms}, author={Al-Kazemi, B. and Mohan, C.k.}, year={2000}, pages={305–327}
} 
@article{vandenbergh_engelbrecht_2004, title={A Cooperative Approach to Particle Swarm Optimization}, volume={8}, DOI={10.1109/tevc.2004.826069}, number={3}, journal={IEEE Transactions on Evolutionary Computation}, author={Vandenbergh, F. and Engelbrecht, A.p.}, year={2004}, pages={225–239}
} 
@article{Bergh00cooperativelearning,
    author = {Frans van den Bergh and Andries P. Engelbrecht and A. P. Engelbrecht},
    title = {Cooperative Learning in Neural Networks using Particle Swarm Optimizers},
    journal = {South African Computer Journal},
    year = {2000},
    volume = {26},
    pages = {84--90}
}
@Inbook{Silva2002,
author="Silva, Arlindo
and Neves, Ana
and Costa, Ernesto",
editor="O'Neill, Michael
and Sutcliffe, Richard F. E.
and Ryan, Conor
and Eaton, Malachy
and Griffith, Niall J. L.",
title="An Empirical Comparison of Particle Swarm and Predator Prey Optimisation",
bookTitle="Artificial Intelligence and Cognitive Science: 13th Irish Conference, AICS 2002 Limerick, Ireland, September 12--13, 2002 Proceedings",
year="2002",
publisher="Springer Berlin Heidelberg",
address="Berlin, Heidelberg",
pages="103--110",
isbn="978-3-540-45750-3",
doi="10.1007/3-540-45750-X_13",
url="http://dx.doi.org/10.1007/3-540-45750-X_13"
}
@inproceedings{Blackwell:2002:DSC:2955491.2955495,
 author = {Blackwell, T. M. and Bentley, P. J.},
 title = {Dynamic Search with Charged Swarms},
 booktitle = {Proceedings of the 4th Annual Conference on Genetic and Evolutionary Computation},
 series = {GECCO'02},
 year = {2002},
 isbn = {1-55860-878-8},
 location = {New York City, New York},
 pages = {19--26},
 numpages = {8},
 url = {http://dl.acm.org.uplib.idm.oclc.org/citation.cfm?id=2955491.2955495},
 acmid = {2955495},
 publisher = {Morgan Kaufmann Publishers Inc.},
 address = {San Francisco, CA, USA},
} 

@article{LiuML16,
  added-at = {2016-10-10T00:00:00.000+0200},
  author = {Liu, Jianhua and Mei, Yi and Li, Xiaodong},
  biburl = {https://www.bibsonomy.org/bibtex/2e4cf18b58d6e78d52d3ce6ea5666b655/dblp},
  ee = {http://dx.doi.org/10.1109/TEVC.2015.2503422},
  interhash = {ddf1bf2a73a68d93dc0bca44ec57fbb9},
  intrahash = {e4cf18b58d6e78d52d3ce6ea5666b655},
  journal = {IEEE Trans. Evolutionary Computation},
  keywords = {dblp},
  number = {5},
  pages = {666-681},
  timestamp = {2016-10-11T11:33:26.000+0200},
  title = {An Analysis of the Inertia Weight Parameter for Binary Particle Swarm Optimization.},
    volume = {20},
  year = {2016}
}
@book{mandelbrot_1983, place={New York}, title={The fractal geometry of nature}, publisher={W. H. Freeman}, author={Mandelbrot, Benoit B.}, year={1983}
} 
@article{Haklı2014333,
title = "A novel particle swarm optimization algorithm with Levy flight ",
journal = "Applied Soft Computing ",
volume = "23",
number = "",
pages = "333 - 345",
year = "2014",
note = "",
issn = "1568-4946",
doi = "https://doi.org/10.1016/j.asoc.2014.06.034",
url = "http://www.sciencedirect.com/science/article/pii/S1568494614003081",
author = "Hüseyin Haklı and Harun Uğuz",
keywords = "Particle swarm optimization",
keywords = "Levy flight",
keywords = "Levy distribution",
keywords = "Optimization "
}

@article{humphries_2010, title={Environmental context explains Lévy and Brownian movement patterns of marine predators}, volume={465}, DOI={10.1038/nature09116}, number={7301}, journal={Nature}, author={Humphries, Nicolas E. and Queiroz, Nuno and Dyer, Jennifer R. M. and Pade, Nicolas G. and Musyl, Michael K. and Schaefer, Kurt M. and Fuller, Daniel W. and Brunnschweiler, Juerg M. and Doyle, Thomas K. and Houghton, Jonathan D. R. and et al.}, year={2010}, month={Sep}, pages={1066–1069}
} 
@article{Kůrková1992501,
title = "Kolmogorov's theorem and multilayer neural networks ",
journal = "Neural Networks ",
volume = "5",
number = "3",
pages = "501 - 506",
year = "1992",
note = "",
issn = "0893-6080",
doi = "https://doi.org/10.1016/0893-6080(92)90012-8",
url = "http://www.sciencedirect.com/science/article/pii/0893608092900128",
author = "Věra Kůrková",
keywords = "Feedforward neural networks",
keywords = "Multilayer perceptron type networks",
keywords = "Sigmoidal activation function",
keywords = "Approximations of continuous functions",
keywords = "Uniform approximation",
keywords = "Universal approximation capabilities",
keywords = "Estimates of number of hidden units",
keywords = "Modulus of continuity "
}
@article{depolynomiaal,
  title={POLYNOMIAL APPROXIMATION USING PARTICLE SWARM OPTIMIZATION OF LINEAR ENHANCED NEURAL NETWORKS WITH NO HIDDEN LAYERS},
  author={de Mingo, Luis F and Muriel, Miguel A and Blas, Nuria G{\'o}mez and Trivi{\~n}o, Daniel}
}
@article{Yeun2000259,
title = "Function approximations by superimposing genetic programming trees: with applications to engineering problems ",
journal = "Information Sciences ",
volume = "122",
number = "2–4",
pages = "259 - 280",
year = "2000",
note = "",
issn = "0020-0255",
doi = "https://doi.org/10.1016/S0020-0255(99)00121-8",
url = "http://www.sciencedirect.com/science/article/pii/S0020025599001218",
author = "Y.S. Yeun and J.C. Suh and Y.S. Yang",
keywords = "Function approximation",
keywords = "Genetic programming",
keywords = "Linear associative memory",
keywords = "Group of additive genetic programming tree "
}
@article{kirshenbaum_suermondt_2004, title={Using Genetic Programming to Obtain a Closed-Form Approximation to a Recursive Function}, DOI={10.1007/978-3-540-24855-2_64}, journal={Genetic and Evolutionary Computation – GECCO 2004 Lecture Notes in Computer Science}, author={Kirshenbaum, Evan and Suermondt, Henri J.}, year={2004}, pages={543–556}
} 
@inproceedings{4630938,
author={O. Olorunda and A. P. Engelbrecht},
booktitle={2008 IEEE Congress on Evolutionary Computation (IEEE World Congress on Computational Intelligence)},
title={Measuring exploration/exploitation in particle swarms using swarm diversity},
year={2008},
pages={1128-1134},
keywords={particle swarm optimisation;search problems;exploitation measurement;exploration measurement;particle swarm optimization;swarm diversity;Africa;Computer science;Helium;Information technology;Network topology;Particle measurements;Particle swarm optimization;Social network services;Space exploration;Time measurement},
doi={10.1109/CEC.2008.4630938},
ISSN={1089-778X},
month={June}
}
@article{rodríguez-vázquez_oliver-morales_2004, title={Multi-branches Genetic Programming as a Tool for Function Approximation}, DOI={10.1007/978-3-540-24855-2_85}, journal={Genetic and Evolutionary Computation – GECCO 2004 Lecture Notes in Computer Science}, author={Rodríguez-Vázquez, Katya and Oliver-Morales, Carlos}, year={2004}, pages={719–721}
} 

@article{fogel,
author={D. B. Fogel},
journal={IEEE Transactions on Neural Networks},
title={An introduction to simulated evolutionary optimization},
year={1994},
volume={5},
number={1},
pages={3-14},
keywords={genetic algorithms;optimisation;behavioral change;chromosomal operators;evolution strategies;evolutionary programming;genetic algorithms;population-based optimization;simulated evolutionary optimization;Biological cells;Computational modeling;Computer simulation;Cost function;Evolution (biology);Genetic algorithms;Genetic mutations;Genetic programming;Optimization methods;Stress},
doi={10.1109/72.265956},
ISSN={1045-9227},
month={Jan},}

@book{koza_1998, place={Cambridge, Mass.}, title={Genetic programming: on the programming of computers by means of natural selection}, publisher={<> MIT Press}, author={Koza, John R.}, year={1998}
}
@inproceedings{Koza:1989:HGA:1623755.1623877,
 author = {Koza, John R.},
 title = {Hierarchical Genetic Algorithms Operating on Populations of Computer Programs},
 booktitle = {Proceedings of the 11th International Joint Conference on Artificial Intelligence - Volume 1},
 series = {IJCAI'89},
 year = {1989},
 location = {Detroit, Michigan},
 pages = {768--774},
 numpages = {7},
 url = {http://dl.acm.org/citation.cfm?id=1623755.1623877},
 acmid = {1623877},
 publisher = {Morgan Kaufmann Publishers Inc.},
 address = {San Francisco, CA, USA},
} 



journal article with dual months 
use the BibTeX "#" concatenation operator
From the March 2002 issue of "IEEE Transactions on Mechatronics",
page 21, reference #8.
@article{IEEEexample:articledualmonths,
  author        = "Y. Okada and K. Dejima and T. Ohishi",
  title         = "Analysis and Comparison of {PM} Synchronous Motor and
                   Induction Motor Type Magnetic Bearings",
  journal       = IEEE_J_IA,
  volume        = "31",
  month         = sep # "/" # oct,
  year          = "1995",
  pages         = "1047-1053"
}
@book{bellman_2010, place={Princeton, N.J. ; Oxford}, title={Dynamic programming}, publisher={Princeton university press}, author={Bellman, Richard Ernest.}, year={2010}
} 
@book{engelCI02,
  author        = "A. P. Engelbrecht",
  title         = "Computational Intelligence: An Introduction",
  publisher     = "Wiley Publishing",
  ISBN      = "0470035617",
  year          = "2007",
  pages     ="237-259"
}
@book{russell02,
  author        = "S.J. Russell and P. Norvig",
  title         = "Artificial Intelligence: A Modern Approach",
  publisher     = "Prentice Hall",
  ISBN      = "0-13-790395-2",
  year          = "2002"
}

@misc{Handl03ant-basedclustering,
    author = {Of Its RelativeJulia Handl and Joshua Knowles and J. Knowles and Marco Dorigo and Université Libre De Bruxelles},
    title = {Ant-Based Clustering: A Comparative Study of its relative performance with respect to k-means, average link and 1D-SOM},
    year = {2003}
}
@article {Theraulaz327,
  author = {Theraulaz, G. and Bonabeau, E. and Denuebourg, J-N.},
  title = {Response threshold reinforcements and division of labour in insect societies},
  volume = {265},
  number = {1393},
  pages = {327--332},
  year = {1998},
  doi = {10.1098/rspb.1998.0299},
  publisher = {The Royal Society},
  abstract = {A model of division of labour in insect societies, based on variable response thresholds is introduced. Response thresholds refer to the likelihood of reacting to task{\textendash}associated stimuli. Low{\textendash}threshold individuals perform tasks at a lower level of stimulus than high{\textendash}threshold individuals. Within individual workers, performing a given task induces a decrease in the corresponding threshold, and not performing the task induces an increase in the threshold. This combined reinforcement process leads to the emergence of specialized workers, i.e. workers that are more responsive to stimuli associated with particular task requirements, from a group of initially identical individuals. Predictions of the dynamics of task specialization resulting from this model are presented. Predictions are also made as to what should be observed when specialists of a given task are removed from the colony and reintroduced after a varying amount of time: the colony does not recover the same state as that prior to the perturbation, and the difference between before and after the perturbation is more strongly marked as the time between separation and reintroduction increases.},
  issn = {0962-8452},
  URL = {http://rspb.royalsocietypublishing.org/content/265/1393/327},
  eprint = {http://rspb.royalsocietypublishing.org/content/265/1393/327.full.pdf},
  journal = {Proceedings of the Royal Society of London B: Biological Sciences}
}

@inproceedings{Jones:2011:CFA:2023607.2023640,
 author = {Jones, Karl O. and Boizant{\'e}, Gr{\'e}goire},
 title = {Comparison of Firefly Algorithm Optimisation, Particle Swarm Optimisation and Differential Evolution},
 booktitle = {Proceedings of the 12th International Conference on Computer Systems and Technologies},
 series = {CompSysTech '11},
 year = {2011},
 isbn = {978-1-4503-0917-2},
 location = {Vienna, Austria},
 pages = {191--197},
 numpages = {7},
 url = {http://doi.acm.org.uplib.idm.oclc.org/10.1145/2023607.2023640},
 doi = {10.1145/2023607.2023640},
 acmid = {2023640},
 publisher = {ACM},
 address = {New York, NY, USA},
 keywords = {Firefly algorithm, PID, differential evolution, particle swarm optimisation},
} 


@article{doi:10.1021/ie990700g,
author = {Mathur, Mohit and Karale, Sachin B. and Priye, Sidhartha and Jayaraman, V. K. and Kulkarni, B. D.},
title = {Ant Colony Approach to Continuous Function Optimization},
journal = {Industrial \& Engineering Chemistry Research},
volume = {39},
number = {10},
pages = {3814-3822},
year = {2000},
doi = {10.1021/ie990700g}
}

@Inbook{Bilchev1995,
author="Bilchev, G.
and Parmee, I. C.",
editor="Fogarty, Terence C.",
title="The ant colony metaphor for searching continuous design spaces",
bookTitle="Evolutionary Computing: AISB Workshop Sheffield, UK, April 3--4, 1995 Selected Papers",
year="1995",
publisher="Springer Berlin Heidelberg",
address="Berlin, Heidelberg",
pages="25--39",
isbn="978-3-540-47515-6",
doi="10.1007/3-540-60469-3_22"
}

@article{yang_2013, title={Metaheuristic Optimization: Nature-Inspired Algorithms and Applications}, DOI={10.1007/978-3-642-29694-9_16}, journal={Studies in Computational Intelligence Artificial Intelligence, Evolutionary Computing and Metaheuristics}, author={Yang, Xin-She}, year={2013}, pages={405–420}
}
@article{lones_2014, title={Metaheuristics in nature-inspired algorithms}, DOI={10.1145/2598394.2609841}, journal={Proceedings of the 2014 conference companion on Genetic and evolutionary computation companion - GECCO Comp 14}, author={Lones, Michael A.}, year={2014}
} 

@misc{inversesquarelaw,      
      title = "inverse-square law",
      isbn = "9780199534067",
      url = "//www.oxfordreference.com/10.1093/oi/authority.20110803100009648"
}
@article{constrained_optimization_and_lagrange_multiplier_methods_1982, DOI={10.1016/c2013-0-10366-2}, year={1982}
} 
@techreport{Karaboga05,
    author = {Karaboga, D.},
    citeulike-article-id = {6592152},
    institution = {Erciyes University},
    keywords = {file-import-10-01-27},
    month = oct,
    number = {TR06},
    posted-at = {2010-01-27 00:32:39},
    priority = {2},
    title = {{An idea based on Honey Bee Swarm for Numerical Optimization}},
    year = {2005}
}
@INPROCEEDINGS{Parsopoulos02particleswarm,
    author = {Konstantinos E. Parsopoulos and Michael N. Vrahatis},
    title = {Particle Swarm Optimization Method for Constrained Optimization Problems},
    booktitle = {In Proceedings of the Euro-International Symposium on Computational Intelligence 2002},
    year = {2002},
    pages = {214--220},
    publisher = {IOS Press}
}
@book{nonlinearm2013, author={Kaisa Miettinen}, title={Nonlinear Multiobjective Optimization}, publisher={Springer Verlag}, year={2013}
} 
@INPROCEEDINGS{Zhang01,
author={F. Zhang and D. Xue},
booktitle={Proceedings of the Sixth International Conference on Computer Supported Cooperative Work in Design (IEEE Cat. No.01EX472)},
title={An optimal concurrent design model using distributed product development life-cycle databases},
year={2001},
pages={273-278},
keywords={Internet;concurrent engineering;distributed databases;engineering information systems;groupware;optimisation;product development;programming;Internet;distributed product development life-cycle databases;genetic programming;optimal concurrent design model;particle swarm optimization;product realization process alternatives;Computer aided manufacturing;Computer networks;Concurrent computing;Design engineering;Distributed databases;Genetic programming;Internet;Product development;Spatial databases;Virtual manufacturing},
doi={10.1109/CSCWD.2001.942271}
}

@article{Tandon2002595,
title = "\{NC\} end milling optimization using evolutionary computation ",
journal = "International Journal of Machine Tools and Manufacture ",
volume = "42",
number = "5",
pages = "595 - 605",
year = "2002",
note = "",
issn = "0890-6955",
doi = "https://doi.org/10.1016/S0890-6955(01)00151-1",
url = "http://www.sciencedirect.com/science/article/pii/S0890695501001511",
author = "V. Tandon and H. El-Mounayri and H. Kishawy",
keywords = "End milling",
keywords = "Optimization",
keywords = "Particle swarm optimizer "
}



@Inbook{Guntsch2001,
author="Guntsch, Michael
and Middendorf, Martin",
editor="Boers, Egbert J. W.",
title="Pheromone Modification Strategies for Ant Algorithms Applied to Dynamic TSP",
bookTitle="Applications of Evolutionary Computing: EvoWorkshops 2001: EvoCOP, EvoFlight, EvoIASP, EvoLearn, and EvoSTIM Como, Italy, April 18--20, 2001 Proceedings",
year="2001",
publisher="Springer Berlin Heidelberg",
address="Berlin, Heidelberg",
pages="213--222",
isbn="978-3-540-45365-9",
doi="10.1007/3-540-45365-2_22",
url="http://dx.doi.org/10.1007/3-540-45365-2_22"
}

@article{jamian_abdullah_mokhlis_mustafa_bakar_2014, title={Global Particle Swarm Optimization for High Dimension Numerical Functions Analysis}, volume={2014}, DOI={10.1155/2014/329193}, journal={Journal of Applied Mathematics}, author={Jamian, J. J. and Abdullah, M. N. and Mokhlis, H. and Mustafa, M. W. and Bakar, A. H. A.}, year={2014}, pages={1–14}
}
EC References
@MISC{Gupta_anoverview,
    author = {Deepti Gupta and Shabina Ghafir},
    title = {An Overview of methods maintaining Diversity in Genetic Algorithms},
    year = {2012}
}

@article{spears_1993, title={Crossover or Mutation?}, DOI={10.1016/b978-0-08-094832-4.50020-9}, journal={Foundations of Genetic Algorithms}, author={Spears, William M.}, year={1993}, pages={221–237}
}

@inproceedings{Fogarty:1989:VPM:93126.93162,
 author = {Fogarty, Terence C.},
 title = {Varying the Probability of Mutation in the Genetic Algorithm},
 booktitle = {Proceedings of the Third International Conference on Genetic Algorithms},
 year = {1989},
 isbn = {1-55860-006-3},
 location = {George Mason University, USA},
 pages = {104--109},
 numpages = {6},
 acmid = {93162},
 publisher = {Morgan Kaufmann Publishers Inc.},
 address = {San Francisco, CA, USA}
} 

@INPROCEEDINGS{560396,
author={H. Shimodaira},
booktitle={Proceedings Eighth IEEE International Conference on Tools with Artificial Intelligence},
title={A new genetic algorithm using large mutation rates and population-elitist selection (GALME)},
year={1996},
pages={25-32},
keywords={genetic algorithms;search problems;simulated annealing;GALME;function optimization;genetic algorithm;global optimum;global search;large mutation rates;local search;performance;population-elitist selection;simulated annealing;Genetic algorithms;Genetic mutations;Optimization methods;Search methods;Simulated annealing;Skeleton;Stochastic processes;Testing},
doi={10.1109/TAI.1996.560396},
ISSN={1082-3409},
month={Nov}
}

@article{beasley_bull_martin_1993, title={A Sequential Niche Technique for Multimodal Function Optimization}, volume={1}, DOI={10.1162/evco.1993.1.2.101}, number={2}, journal={Evolutionary Computation}, author={Beasley, David and Bull, David R. and Martin, Ralph R.}, year={1993}, pages={101–125}
} 
@article{deb_anand_joshi_2002, title={A Computationally Efficient Evolutionary Algorithm for Real-Parameter Optimization}, volume={10}, DOI={10.1162/106365602760972767}, number={4}, journal={Evolutionary Computation}, author={Deb, Kalyanmoy and Anand, Ashish and Joshi, Dhiraj}, year={2002}, pages={371–395}
} 
@article{harrison_2017, title={Normal distribution}, DOI={10.1093/med/9780198765875.003.0063}, journal={Oxford Medicine Online}, author={Harrison, Mark}, year={2017}
} 
@misc{areas_under_normal_distribution, title={Areas under Normal Distribution}, url="{http://onlinestatbook.com/2/normal_distribution/areas_normal.html}", journal={Areas under Normal Distribution}
} 
@misc{normal_distribution, title={Normal Distributions}, url="{http://onlinestatbook.com/2/normal_distribution/normal_distribution.html}", journal={Normal Distributions}
} 
@article{izumi_hashem_watanabe_1997, title={An evolution strategy with competing subpopulations}, DOI={10.1109/cira.1997.613873}, journal={Proceedings 1997 IEEE International Symposium on Computational Intelligence in Robotics and Automation CIRA97. Towards New Computational Principles for Robotics and Automation}, author={Izumi, K. and Hashem, M.m.a. and Watanabe, K.}, year={1997}
}
@Inbook{Rocha1999,
author="Rocha, Miguel
and Neves, Jos{\'e}",
editor="Imam, Ibrahim
and Kodratoff, Yves
and El-Dessouki, Ayman
and Ali, Moonis",
title="Preventing Premature Convergence to Local Optima in Genetic Algorithms via Random Offspring Generation",
bookTitle="Multiple Approaches to Intelligent Systems: 12th International Conference on Industrial and Engineering Applications of Artificial Intelligence and Expert Systems IEA/AIE-99, Cairo, Egypt, May 31 - June 3, 1999. Proceedings",
year="1999",
publisher="Springer Berlin Heidelberg",
address="Berlin, Heidelberg",
pages="127--136",
isbn="978-3-540-48765-4",
doi="10.1007/978-3-540-48765-4_16"
}
@inproceedings{Hornby2006,
 author = {Hornby, Gregory S.},
 title = {ALPS: The Age-layered Population Structure for Reducing the Problem of Premature Convergence},
 booktitle = {Proceedings of the 8th Annual Conference on Genetic and Evolutionary Computation},
 series = {GECCO '06},
 year = {2006},
 isbn = {1-59593-186-4},
 location = {Seattle, Washington, USA},
 pages = {815--822},
 numpages = {8},
 doi = {10.1145/1143997.1144142},
 acmid = {1144142},
 publisher = {ACM},
 address = {New York, NY, USA},
 keywords = {age, computer-automated design, evolutionary algorithms, open-ended design, premature convergence}
} 
@ARTICLE{Grosan2008,
author={C. Grosan and A. Abraham},
journal={IEEE Transactions on Systems, Man, and Cybernetics - Part A: Systems and Humans},
title={A New Approach for Solving Nonlinear Equations Systems},
year={2008},
volume={38},
number={3},
pages={698-714},
keywords={evolutionary computation;iterative methods;minimisation;nonlinear equations;complex nonlinear equation solving;evolutionary computation technique;iterative method;minimization problem;multiobjective optimization problem;Arithmetic;Benchmark testing;Chemicals;Combustion;Difference equations;Evolutionary computation;Intelligent robots;Intelligent systems;Kinematics;Nonlinear equations;Computational intelligence;evolutionary multiobjective optimization;metaheuristics;nonlinear equation systems},
doi={10.1109/TSMCA.2008.918599},
ISSN={1083-4427},
month={May}
}
@INPROCEEDINGS{Back94selectivepressure,
    author = {Thomas Back},
    title = {Selective pressure in evolutionary algorithms: A characterization of selection mechanisms},
    booktitle = {Proceedings of the First IEEE Conference on Evolutionary Computation},
    year = {1994},
    pages = {57--62}
}
@book{poli_langdon_mcphee_koza_2008, place={S.l.}, title={A field guide to genetic programming}, publisher={Lulu Press}, author={Poli, Riccardo and Langdon, W. B. and McPhee, Nicholas F. and Koza, John R.}, year={2008}
} 
@Inbook{Trujillo2013,
author="Trujillo, Leonardo
and Naredo, Enrique
and Mart{\'i}nez, Yuliana",
editor="Emmerich, Michael
and Deutz, Andre
and Schuetze, Oliver
and B{\"a}ck, Thomas
and Tantar, Emilia
and Tantar, Alexandru-Adrian
and Moral, Pierre Del
and Legrand, Pierrick
and Bouvry, Pascal
and Coello, Carlos A.",
title="Preliminary Study of Bloat in Genetic Programming with Behavior-Based Search",
bookTitle="EVOLVE - A Bridge between Probability, Set Oriented Numerics, and Evolutionary Computation IV: International Conference held at Leiden University, July 10-13, 2013",
year="2013",
publisher="Springer International Publishing",
address="Heidelberg",
pages="293--305",
isbn="978-3-319-01128-8",
doi="10.1007/978-3-319-01128-8_19",
}
@article{koza_1994, title={Genetic programming as a means for programming computers by natural selection}, volume={4}, DOI={10.1007/bf00175355}, number={2}, journal={Statistics and Computing}, author={Koza, Johnr.}, year={1994}
} 

@article{silva_costa_2005, title={Comparing Tree Depth Limits and Resource-Limited GP}, DOI={10.1109/cec.2005.1554781}, journal={2005 IEEE Congress on Evolutionary Computation}, author={Silva, S. and Costa, E.}, year={2005}
}
@article{silva_silva_costa_2005, title={Resource-Limited Genetic Programming: Replacing Tree Depth Limits}, DOI={10.1007/3-211-27389-1_58}, journal={Adaptive and Natural Computing Algorithms}, author={Silva, Sara and Silva, Pedro J.n. and Costa, Ernesto}, year={2005}, pages={243–246}
} 
@article{poli_mcphee_2013, title={Parsimony Pressure Made Easy: Solving the Problem of Bloat in GP}, DOI={10.1007/978-3-642-33206-7_9}, journal={Theory and Principled Methods for the Design of Metaheuristics Natural Computing Series}, author={Poli, Riccardo and Mcphee, Nicholas Freitag}, year={2013}, month={Dec}, pages={181–204}
} 
@article{smith_1992, title={[Statistics, Probability and Chaos]: Comment: Relation Between Statistics and Chaos}, volume={7}, DOI={10.1214/ss/1177011449}, number={1}, journal={Statistical Science}, author={Smith, Richard L.}, year={1992}, pages={109–113}
}
@article{yuryevich_wong_1999, title={Evolutionary programming based optimal power flow algorithm}, DOI={10.1109/pess.1999.787503}, journal={199 IEEE Power Engineering Society Summer Meeting. Conference Proceedings (Cat. No.99CH36364)}, author={Yuryevich, J. and Wong, Kit Po}, year={1999}
}  

@misc{wolframUniform, title={Uniform Distribution}, url={http://mathworld.wolfram.com/UniformDistribution.html}, journal={from Wolfram MathWorld}
} 

@INPROCEEDINGS{Sarkar1996,
author={M. Sarkar and B. Yegnanarayana},
booktitle={Neural Networks, 1996., IEEE International Conference on},
title={A clustering algorithm using evolutionary programming},
year={1996},
volume={2},
pages={1162-1167 vol.2},
keywords={genetic algorithms;mathematical programming;pattern classification;search problems;Euclidean distance;clustering algorithm;data grouping;evolutionary programming;minimisation;optimal cluster centers;pattern classification;perturbation;stochastic search;Clustering algorithms;Computer science;Data engineering;Genetic programming;Humans;Ink;Mechanical factors;Merging;Partitioning algorithms;Performance analysis},
doi={10.1109/ICNN.1996.549062},
month={Jun}
}
@book{Jain1988,
 author = {Jain, Anil K. and Dubes, Richard C.},
 title = {Algorithms for Clustering Data},
 year = {1988},
 isbn = {0-13-022278-X},
 publisher = {Prentice-Hall, Inc.},
 address = {Upper Saddle River, NJ, USA}
}
@article{chang_chang_1999, title={Application of differential evolution to passive shunt harmonic filter planning}, DOI={10.1109/ichqp.1998.759866}, journal={8th International Conference on Harmonics and Quality of Power. Proceedings (Cat. No.98EX227)}, author={Chang, Tien-Ting and Chang, Hong-Chan}, year={1999}
} 

@book{davidson_2002, place={Oxford}, title={Stochastic limit theory: an introduction for econometricians}, publisher={Oxford University Press}, author={Davidson, James}, year={2002}
}

@article{storn_1996, title={On the usage of differential evolution for function optimization}, DOI={10.1109/nafips.1996.534789}, journal={Proceedings of North American Fuzzy Information Processing}, author={Storn, R.}, year={1996}
}

@article{price_1997, title={Differential evolution vs. the functions of the 2/sup nd/ ICEO}, DOI={10.1109/icec.1997.592287}, journal={Proceedings of 1997 IEEE International Conference on Evolutionary Computation (ICEC 97)}, author={Price, K.v.}, year={1997}
} 

@article{cruz_willigenburg_straten_2003, title={Efficient Differential Evolution algorithms for multimodal optimal control problems}, volume={3}, DOI={10.1016/s1568-4946(03)00007-3}, number={2}, journal={Applied Soft Computing}, author={Cruz, I.l. Lopez and Willigenburg, L.g. Van and Straten, G. Van}, year={2003}, pages={97–122}
}
@InProceedings{reynolds:1994:ica,
  author =       "Robert G. Reynolds",
  title =        "An introduction to cultural algorithms",
  booktitle =    "Evolutionary Programming --- Proceedings of the Third
                 Annual Conference",
  editor =       "Anthony V. Sebald and Lawrence J. Fogel",
  year =         "1994",
  pages =        "131--139",
  address =      "San Diego, CA, USA",
  publisher =    "World Scientific Press",
  keywords =     "genetic algorithms, genetic programming",
  ISBN =         "981-02-1810-9",
}
@InBook{axelrod-1987b,
  author         = {Robert Axelrod},
  title          = {Genetic Algorithms and Simulated Annealing},
  year           = {1987},
  chapter        = {The Evolution of Strategies in the Iterated Prisoner's Dilemma},
  editor         = {Lawrence Davis},
  publisher      = {Morgan Kaufman, Los Altos, CA},
  pages          = {32--41},
  key            = {axelrod-1987b}
}
@article{reed_toombs_barricelli_1967, title={Simulation of biological evolution and machine learning}, volume={17}, DOI={10.1016/0022-5193(67)90097-5}, number={3}, journal={Journal of Theoretical Biology}, author={Reed, Jon and Toombs, Robert and Barricelli, Nils Aall}, year={1967}, pages={319–342}
} 
@inproceedings{Sims1994,
 author = {Sims, Karl},
 title = {Evolving Virtual Creatures},
 booktitle = {Proceedings of the 21st Annual Conference on Computer Graphics and Interactive Techniques},
 series = {SIGGRAPH '94},
 year = {1994},
 isbn = {0-89791-667-0},
 pages = {15--22},
 numpages = {8},
 doi = {10.1145/192161.192167},
 acmid = {192167},
 publisher = {ACM},
 address = {New York, NY, USA}
} 
@INPROCEEDINGS{Fukuda1998,
author={T. Fukuda and N. Kubota},
booktitle={Proceedings of the 1998 IEEE International Symposium on Intelligent Control (ISIC) held jointly with IEEE International Symposium on Computational Intelligence in Robotics and Automation (CIRA) Intell},
title={Learning, adaptation and evolution of intelligent robotic system},
year={1998},
pages={2-7},
keywords={adaptive control;intelligent control;learning (artificial intelligence);robots;adaptation;coevolution;dynamic environment;emergent system;evolution;implementation methods;intelligent robotic system;learning;structured intelligence;system architecture;Artificial intelligence;Competitive intelligence;Computational intelligence;Computer architecture;Hardware;Intelligent robots;Intelligent structures;Intelligent systems;Learning;Orbital robotics},
doi={10.1109/ISIC.1998.713626},
ISSN={2158-9860},
month={Sep}
}
@InCollection{kinnear1994,
  title =        "Competitively Evolving Decision Trees Against Fixed
                 Training Cases for Natural Language Processing",
  author =       "Eric V. Siegel",
  booktitle =    "Advances in Genetic Programming",
  publisher =    "MIT Press",
  editor =       "Kenneth E. {Kinnear, Jr.}",
  year =         "1994",
  chapter =      "19",
  pages =        "409--423",
  size =         "15 pages",
  keywords =     "genetic algorithms, genetic programming,
                 co-evolution"
}
@article{stoean2006,
  author = {Catalin Stoean and Ruxandra Stoean and Mike Preuss and D. Dumitrescu},
  title = {A Cooperative Evolutionary Algorithm for Classification},
  journal = {International Journal of Computers, Communications and Control},
  number = {Supplementary Issue, International Conference on Computers and Communications - ICCC 2006, Baile Felix Spa - Oradea, Romania},
  year = {2006},
  publisher = {Agora University Editing House - CCC Publications},
  pages = {417--422},
  issn = {1841-9836}
}